@article{creech2014semantic,
  title={A semantic approach to host-based intrusion detection systems using contiguousand discontiguous system call patterns},
  author={Creech, Gideon and Hu, Jiankun},
  journal={IEEE Transactions on Computers},
  volume={63},
  number={4},
  pages={807--819},
  year={2014},
  publisher={IEEE}
}

@inproceedings{creech2013generation,
  title={Generation of a new IDS test dataset: Time to retire the KDD collection},
  author={Creech, Gideon and Hu, Jiankun},
  booktitle={Wireless Communications and Networking Conference (WCNC), 2013 IEEE},
  pages={4487--4492},
  year={2013},
  organization={IEEE}
}

@phdthesis{creech2014developing,
  title={Developing a high-accuracy cross platform Host-Based Intrusion Detection System capable of reliably detecting zero-day attacks.},
  author={Creech, Gideon},
  year={2014},
  school={University of New South Wales, Canberra, Australia}
}

@inproceedings{xie2014evaluating,
  title={Evaluating host-based anomaly detection systems: Application of the frequency-based algorithms to adfa-ld},
  author={Xie, Miao and Hu, Jiankun and Yu, Xinghuo and Chang, Elizabeth},
  booktitle={International Conference on Network and System Security},
  pages={542--549},
  year={2014},
  organization={Springer}
}

@inproceedings{homoliak2013asnm,
  title={ASNM: Advanced security network metrics for attack vector description},
  author={Homoliak, I and Barabas, M and Chmelar, P and Drozd, M and Hanacek, P},
  booktitle={Proceedings of the International Conference on Security and Management (SAM)},
  pages={1},
  year={2013},
  organization={The Steering Committee of The World Congress in Computer Science, Computer Engineering and Applied Computing (WorldComp)}
}

@inproceedings{sangster2009toward,
  title={Toward Instrumenting Network Warfare Competitions to Generate Labeled Datasets.},
  author={Sangster, Benjamin and O'Connor, TJ and Cook, Thomas and Fanelli, Robert and Dean, Erik and Morrell, Christopher and Conti, Gregory J},
  booktitle={CSET},
  year={2009}
}

@article{chen2014human,
  title={Human perspective to anomaly detection for cybersecurity},
  author={Chen, Song and Janeja, Vandana P},
  journal={Journal of Intelligent Information Systems},
  volume={42},
  number={1},
  pages={133--153},
  year={2014},
  publisher={Springer}
}

@article{shiravi2012toward,
  title={Toward developing a systematic approach to generate benchmark datasets for intrusion detection},
  author={Shiravi, Ali and Shiravi, Hadi and Tavallaee, Mahbod and Ghorbani, Ali A},
  journal={computers \& security},
  volume={31},
  number={3},
  pages={357--374},
  year={2012},
  publisher={Elsevier}
}